@Comment{$ biblatex control file $}
@Comment{$ biblatex bcf format version 3.9 $}
% Do not modify this file!
%
% This is an auxiliary file used by the 'biblatex' package.
% This file may safely be deleted. It will be recreated as
% required.

@Control{biblatex-control,
  options = {3.9:0:0:1:0:1:1:0:0:0:0:0:3:1:3:1:0:0:3:1:79:+:+:none},
}
@inproceedings{desplanques2020ecapa,
  title={{ECAPA-TDNN: Emphasized Channel Attention, propagation and aggregation in TDNN based speaker verification}},
  author={Desplanques, Brecht and Thienpondt, Jenthe and Demuynck, Kris},
  booktitle={Interspeech 2020},
  pages={3830--3834},
  year={2020}
}
@article{das2021hlt,
  title={HLT-NUS SUBMISSION FOR 2020 NIST Conversational Telephone Speech SRE},
  author={Das, Rohan Kumar and Tao, Ruijie and Li, Haizhou},
  journal={arXiv preprint arXiv:2111.06671},
  year={2021}
}
@inproceedings{chung2020in,
  title={In defence of metric learning for speaker recognition},
  author={Chung, Joon Son and Huh, Jaesung and Mun, Seongkyu and Lee, Minjae and Heo, Hee Soo and Choe, Soyeon and Ham, Chiheon and Jung, Sunghwan and Lee, Bong-Jin and Han, Icksang},
  booktitle={Interspeech},
  year={2020}
  \bibliographystyle{amsalpha}
	\bibliography{./mybeamer.bib}
}